@ONLINE{cern:root:logo,
author = {Axel Naumann},
title = {ROOT logo},
month = dec,
year = {2015},
url = {http://axel.web.cern.ch/axel/images/portfolio/modals/logo_full-plus-text-hor.png}
}

@ONLINE{cern:root:tut,
author = {Danilo Piparo and Olivier Couet},
title = {ROOT Tutorial for Summer Students},
pages = {8},
month = dec,
year = {2015},
url = {https://indico.cern.ch/event/395198/attachments/791523/1084984/ROOT_Summer_Student_Tutorial_2015.pdf}
}

@ONLINE{cern:root:domains,
author = {CERN},
title = {ROOT application domains},
month = dec,
year = {2015},
url = {https://root.cern.ch/application-domains}
}

@ONLINE{cern:root:eventviewer,
author = {CERN},
title = {ROOT Shower Event Display},
month = dec,
year = {2015},
url = {https://root.cern.ch/rootshower00png}
}

@ONLINE{nodejs:logo,
author = {},
title = {Node.js logo},
month = dec,
year = {2015},
url = {https://nodejs.org/static/images/logos/nodejs-light.eps}
}

@ONLINE{npm:logo,
author = {Boris Vacher},
title = {npm logo},
month = dec,
year = {2015},
url = {https://commons.wikimedia.org/wiki/File:Npm-logo.svg}
}

@ONLINE{google:v8:logo,
author = {exortech},
title = {v8 logo},
month = dec,
year = {2015},
url = {https://github.com/exortech/presentations/blob/master/promise_of_node/img/v8.png}}
}

@ONLINE{scc:logo,
author = {SCC},
title = {SCC logo},
month = dec,
year = {2015},
url = {https://www.scc.kit.edu/scc/sw/backup/tsm/bilder_logos/SCC-LOGO_farbig_gross_10proz.jpg}
}

@ONLINE{cern:lhc,
author = {NASA},
title = {Picture of LHC},
month = dec,
year = {2015},
url = {http://apod.nasa.gov/apod/image/1112/atlas_cern_3008.jpg}
}

@ONLINE{swt:wfm,
author = {Walter Tichy},
title = {Wasserfall Modell},
year = {2015}
}